@article{chen2018text2shape,
  title={Text2Shape: Generating Shapes from Natural Language by Learning Joint Embeddings},
  author={Chen, Kevin and Choy, Christopher B and Savva, Manolis and Chang, Angel X and Funkhouser, Thomas and Savarese, Silvio},
  journal={arXiv preprint arXiv:1803.08495},
  year={2018}
}

@article{han2018seq2seq,
	author    = {Zhizhong Han and
	Mingyang Shang and
	Xiyang Wang and
	Yu{-}Shen Liu and
	Matthias Zwicker},
	title     = {Y{\^{}}2Seq2Seq: Cross-Modal Representation Learning for 3D Shape
	and Text by Joint Reconstruction and Prediction of View and Word Sequences},
	journal   = {CoRR},
	volume    = {abs/1811.02745},
	year      = {2018},
	url       = {http://arxiv.org/abs/1811.02745},
	archivePrefix = {arXiv},
	eprint    = {1811.02745},
	timestamp = {Thu, 22 Nov 2018 17:58:30 +0100},
	biburl    = {https://dblp.org/rec/bib/journals/corr/abs-1811-02745},
	bibsource = {dblp computer science bibliography, https://dblp.org}
}

@article{Chang2015Shapenet,
	author    = {Angel X. Chang and
	Thomas A. Funkhouser and
	Leonidas J. Guibas and
	Pat Hanrahan and
	Qi{-}Xing Huang and
	Zimo Li and
	Silvio Savarese and
	Manolis Savva and
	Shuran Song and
	Hao Su and
	Jianxiong Xiao and
	Li Yi and
	Fisher Yu},
	title     = {ShapeNet: An Information-Rich 3D Model Repository},
	journal   = {CoRR},
	volume    = {abs/1512.03012},
	year      = {2015},
	url       = {http://arxiv.org/abs/1512.03012},
	archivePrefix = {arXiv},
	eprint    = {1512.03012},
	timestamp = {Mon, 13 Aug 2018 16:47:39 +0200},
	biburl    = {https://dblp.org/rec/bib/journals/corr/ChangFGHHLSSSSX15},
	bibsource = {dblp computer science bibliography, https://dblp.org}
}

@inproceedings{pennington2014glove,
	author = {Jeffrey Pennington and Richard Socher and Christopher D. Manning},
	booktitle = {Empirical Methods in Natural Language Processing (EMNLP)},
	title = {GloVe: Global Vectors for Word Representation},
	year = {2014},
	pages = {1532--1543},
	url = {http://www.aclweb.org/anthology/D14-1162},
}

@incollection{qi2017Pointnet++,
	title = {PointNet++: Deep Hierarchical Feature Learning on Point Sets in a Metric Space},
	author = {Qi, Charles Ruizhongtai and Yi, Li and Su, Hao and Guibas, Leonidas J},
	booktitle = {Advances in Neural Information Processing Systems 30},
	editor = {I. Guyon and U. V. Luxburg and S. Bengio and H. Wallach and R. Fergus and S. Vishwanathan and R. Garnett},
	pages = {5099--5108},
	year = {2017},
	publisher = {Curran Associates, Inc.},
	url = {http://papers.nips.cc/paper/7095-pointnet-deep-hierarchical-feature-learning-on-point-sets-in-a-metric-space.pdf}
}

@article{qi2017pointnet,
	title={PointNet: Deep Learning on Point Sets for 3D Classification and Segmentation},
	author={Qi, Charles R and Su, Hao and Mo, Kaichun and Guibas, Leonidas J},
	journal={Proc. Computer Vision and Pattern Recognition (CVPR), IEEE},
	year={2017}
}

@article{J_rvelin2002ndcg,
	doi = {10.1145/582415.582418},
	url = {https://doi.org/10.1145%2F582415.582418},
	year = 2002,
	month = {oct},
	publisher = {Association for Computing Machinery ({ACM})},
	volume = {20},
	number = {4},
	pages = {422--446},
	author = {Kalervo Järvelin and Jaana Kekäläinen},
	title = {Cumulated gain-based evaluation of {IR} techniques},
	journal = {{ACM} Transactions on Information Systems}
}


